<?xml version="1.0" encoding="UTF-8"?><collection xmlns="http://www.loc.gov/MARC21/slim"><record><leader>00565nam--2200181-i-4500</leader><controlfield tag="001">000048164</controlfield><controlfield tag="002">20161230</controlfield><controlfield tag="005">20170107011427</controlfield><controlfield tag="008">060222s1000------------r-----000-0-eng-d</controlfield><datafield ind1=" " ind2=" " tag="040"><subfield code="a">IFIN-HH</subfield></datafield><datafield ind1=" " ind2=" " tag="080"><subfield code="a">534(061.3)</subfield></datafield><datafield ind1="1" ind2=" " tag="110"><subfield code="a">International Commission of Acoustics</subfield></datafield><datafield ind1="1" ind2="0" tag="245"><subfield code="a">Proceedings of the 7th International Congress on Acoustics, Budapest, 1971</subfield></datafield><datafield ind1=" " ind2=" " tag="260"><subfield code="a">Budapest</subfield><subfield code="b">Akad©♭miai Kiad©đ</subfield><subfield code="c">1971</subfield></datafield><datafield ind1=" " ind2=" " tag="300"><subfield code="a">4 volume + Abstracts</subfield></datafield><datafield ind1="1" ind2=" " tag="787"><subfield code="a">Vol. 4</subfield><subfield code="h">715 p</subfield><subfield code="t">Sections A-N-V (Technical Acoustics)</subfield></datafield><datafield ind1=" " ind2=" " tag="852"><subfield code="a">77500</subfield><subfield code="c">534</subfield></datafield><datafield ind1=" " ind2=" " tag="CAT"><subfield code="a">SYS</subfield><subfield code="c">20170107</subfield><subfield code="h">011427</subfield></datafield></record></collection>